%YAML 1.1
%TAG !u! tag:unity3d.com,2011:
--- !u!1 &827992274633395372
GameObject:
  m_ObjectHideFlags: 0
  m_CorrespondingSourceObject: {fileID: 0}
  m_PrefabInstance: {fileID: 0}
  m_PrefabAsset: {fileID: 0}
  serializedVersion: 6
  m_Component:
  - component: {fileID: 736870851597171940}
  m_Layer: 0
  m_Name: Pivot
  m_TagString: Untagged
  m_Icon: {fileID: 0}
  m_NavMeshLayer: 0
  m_StaticEditorFlags: 0
  m_IsActive: 1
--- !u!4 &736870851597171940
Transform:
  m_ObjectHideFlags: 0
  m_CorrespondingSourceObject: {fileID: 0}
  m_PrefabInstance: {fileID: 0}
  m_PrefabAsset: {fileID: 0}
  m_GameObject: {fileID: 827992274633395372}
  serializedVersion: 2
  m_LocalRotation: {x: 0, y: 0, z: 0, w: 1}
  m_LocalPosition: {x: 0, y: 0, z: 0}
  m_LocalScale: {x: 1, y: 1, z: 1}
  m_ConstrainProportionsScale: 0
  m_Children:
  - {fileID: 3549002224248067033}
  m_Father: {fileID: 1640524603285440968}
  m_LocalEulerAnglesHint: {x: 0, y: 0, z: 0}
--- !u!1 &4941545523280355796
GameObject:
  m_ObjectHideFlags: 0
  m_CorrespondingSourceObject: {fileID: 0}
  m_PrefabInstance: {fileID: 0}
  m_PrefabAsset: {fileID: 0}
  serializedVersion: 6
  m_Component:
  - component: {fileID: 1640524603285440968}
  m_Layer: 0
  m_Name: Roof_25_Up_Edge_ModularBuilding
  m_TagString: Untagged
  m_Icon: {fileID: 0}
  m_NavMeshLayer: 0
  m_StaticEditorFlags: 0
  m_IsActive: 1
--- !u!4 &1640524603285440968
Transform:
  m_ObjectHideFlags: 0
  m_CorrespondingSourceObject: {fileID: 0}
  m_PrefabInstance: {fileID: 0}
  m_PrefabAsset: {fileID: 0}
  m_GameObject: {fileID: 4941545523280355796}
  serializedVersion: 2
  m_LocalRotation: {x: 0, y: 0, z: 0, w: 1}
  m_LocalPosition: {x: 0, y: 0, z: 0}
  m_LocalScale: {x: 1, y: 1, z: 1}
  m_ConstrainProportionsScale: 0
  m_Children:
  - {fileID: 736870851597171940}
  m_Father: {fileID: 0}
  m_LocalEulerAnglesHint: {x: 0, y: 0, z: 0}
--- !u!1001 &3948020547805115442
PrefabInstance:
  m_ObjectHideFlags: 0
  serializedVersion: 2
  m_Modification:
    serializedVersion: 3
    m_TransformParent: {fileID: 736870851597171940}
    m_Modifications:
    - target: {fileID: -8679921383154817045, guid: 4df1305b1c0c7b04ab619140076352e6,
        type: 3}
      propertyPath: m_LocalPosition.x
      value: 0
      objectReference: {fileID: 0}
    - target: {fileID: -8679921383154817045, guid: 4df1305b1c0c7b04ab619140076352e6,
        type: 3}
      propertyPath: m_LocalPosition.y
      value: 0
      objectReference: {fileID: 0}
    - target: {fileID: -8679921383154817045, guid: 4df1305b1c0c7b04ab619140076352e6,
        type: 3}
      propertyPath: m_LocalPosition.z
      value: 0
      objectReference: {fileID: 0}
    - target: {fileID: -8679921383154817045, guid: 4df1305b1c0c7b04ab619140076352e6,
        type: 3}
      propertyPath: m_LocalRotation.w
      value: 0.7071068
      objectReference: {fileID: 0}
    - target: {fileID: -8679921383154817045, guid: 4df1305b1c0c7b04ab619140076352e6,
        type: 3}
      propertyPath: m_LocalRotation.x
      value: -0.7071068
      objectReference: {fileID: 0}
    - target: {fileID: -8679921383154817045, guid: 4df1305b1c0c7b04ab619140076352e6,
        type: 3}
      propertyPath: m_LocalRotation.y
      value: -0
      objectReference: {fileID: 0}
    - target: {fileID: -8679921383154817045, guid: 4df1305b1c0c7b04ab619140076352e6,
        type: 3}
      propertyPath: m_LocalRotation.z
      value: -0
      objectReference: {fileID: 0}
    - target: {fileID: -8679921383154817045, guid: 4df1305b1c0c7b04ab619140076352e6,
        type: 3}
      propertyPath: m_LocalEulerAnglesHint.x
      value: 0
      objectReference: {fileID: 0}
    - target: {fileID: -8679921383154817045, guid: 4df1305b1c0c7b04ab619140076352e6,
        type: 3}
      propertyPath: m_LocalEulerAnglesHint.y
      value: 0
      objectReference: {fileID: 0}
    - target: {fileID: -8679921383154817045, guid: 4df1305b1c0c7b04ab619140076352e6,
        type: 3}
      propertyPath: m_LocalEulerAnglesHint.z
      value: 0
      objectReference: {fileID: 0}
    - target: {fileID: -7511558181221131132, guid: 4df1305b1c0c7b04ab619140076352e6,
        type: 3}
      propertyPath: m_Materials.Array.data[0]
      value: 
      objectReference: {fileID: 2100000, guid: 9e07e98d714abd44da90cf32995431df, type: 2}
    - target: {fileID: 919132149155446097, guid: 4df1305b1c0c7b04ab619140076352e6,
        type: 3}
      propertyPath: m_Name
      value: Roof_25_Up_Edge_Model
      objectReference: {fileID: 0}
    - target: {fileID: 919132149155446097, guid: 4df1305b1c0c7b04ab619140076352e6,
        type: 3}
      propertyPath: m_StaticEditorFlags
      value: 0
      objectReference: {fileID: 0}
    m_RemovedComponents: []
    m_RemovedGameObjects: []
    m_AddedGameObjects: []
    m_AddedComponents:
    - targetCorrespondingSourceObject: {fileID: 919132149155446097, guid: 4df1305b1c0c7b04ab619140076352e6,
        type: 3}
      insertIndex: -1
      addedObject: {fileID: 3222449750161551652}
  m_SourcePrefab: {fileID: 100100000, guid: 4df1305b1c0c7b04ab619140076352e6, type: 3}
--- !u!4 &3549002224248067033 stripped
Transform:
  m_CorrespondingSourceObject: {fileID: -8679921383154817045, guid: 4df1305b1c0c7b04ab619140076352e6,
    type: 3}
  m_PrefabInstance: {fileID: 3948020547805115442}
  m_PrefabAsset: {fileID: 0}
--- !u!1 &4182513733505960291 stripped
GameObject:
  m_CorrespondingSourceObject: {fileID: 919132149155446097, guid: 4df1305b1c0c7b04ab619140076352e6,
    type: 3}
  m_PrefabInstance: {fileID: 3948020547805115442}
  m_PrefabAsset: {fileID: 0}
--- !u!64 &3222449750161551652
MeshCollider:
  m_ObjectHideFlags: 0
  m_CorrespondingSourceObject: {fileID: 0}
  m_PrefabInstance: {fileID: 0}
  m_PrefabAsset: {fileID: 0}
  m_GameObject: {fileID: 4182513733505960291}
  m_Material: {fileID: 0}
  m_IncludeLayers:
    serializedVersion: 2
    m_Bits: 0
  m_ExcludeLayers:
    serializedVersion: 2
    m_Bits: 0
  m_LayerOverridePriority: 0
  m_IsTrigger: 0
  m_ProvidesContacts: 0
  m_Enabled: 1
  serializedVersion: 5
  m_Convex: 1
  m_CookingOptions: 30
  m_Mesh: {fileID: 4153706557704614521, guid: 4df1305b1c0c7b04ab619140076352e6, type: 3}
