%YAML 1.1
%TAG !u! tag:unity3d.com,2011:
--- !u!1 &7752964583196658034
GameObject:
  m_ObjectHideFlags: 0
  m_CorrespondingSourceObject: {fileID: 0}
  m_PrefabInstance: {fileID: 0}
  m_PrefabAsset: {fileID: 0}
  serializedVersion: 6
  m_Component:
  - component: {fileID: 4858202406716075491}
  m_Layer: 0
  m_Name: Wall_Door_Frama_ModularBuilding
  m_TagString: Untagged
  m_Icon: {fileID: 0}
  m_NavMeshLayer: 0
  m_StaticEditorFlags: 0
  m_IsActive: 1
--- !u!4 &4858202406716075491
Transform:
  m_ObjectHideFlags: 0
  m_CorrespondingSourceObject: {fileID: 0}
  m_PrefabInstance: {fileID: 0}
  m_PrefabAsset: {fileID: 0}
  m_GameObject: {fileID: 7752964583196658034}
  serializedVersion: 2
  m_LocalRotation: {x: 0, y: 0, z: 0, w: 1}
  m_LocalPosition: {x: 0, y: 0, z: 0}
  m_LocalScale: {x: 1, y: 1, z: 1}
  m_ConstrainProportionsScale: 0
  m_Children:
  - {fileID: 3810482389961200513}
  m_Father: {fileID: 0}
  m_LocalEulerAnglesHint: {x: 0, y: 0, z: 0}
--- !u!1 &8102221048130149624
GameObject:
  m_ObjectHideFlags: 0
  m_CorrespondingSourceObject: {fileID: 0}
  m_PrefabInstance: {fileID: 0}
  m_PrefabAsset: {fileID: 0}
  serializedVersion: 6
  m_Component:
  - component: {fileID: 3810482389961200513}
  m_Layer: 0
  m_Name: Pivot
  m_TagString: Untagged
  m_Icon: {fileID: 0}
  m_NavMeshLayer: 0
  m_StaticEditorFlags: 0
  m_IsActive: 1
--- !u!4 &3810482389961200513
Transform:
  m_ObjectHideFlags: 0
  m_CorrespondingSourceObject: {fileID: 0}
  m_PrefabInstance: {fileID: 0}
  m_PrefabAsset: {fileID: 0}
  m_GameObject: {fileID: 8102221048130149624}
  serializedVersion: 2
  m_LocalRotation: {x: 0, y: 0, z: 0, w: 1}
  m_LocalPosition: {x: 0, y: 1, z: 0}
  m_LocalScale: {x: 1, y: 1, z: 1}
  m_ConstrainProportionsScale: 0
  m_Children:
  - {fileID: 4762530443994225956}
  m_Father: {fileID: 4858202406716075491}
  m_LocalEulerAnglesHint: {x: 0, y: 0, z: 0}
--- !u!1001 &5016254937374341839
PrefabInstance:
  m_ObjectHideFlags: 0
  serializedVersion: 2
  m_Modification:
    serializedVersion: 3
    m_TransformParent: {fileID: 3810482389961200513}
    m_Modifications:
    - target: {fileID: -8679921383154817045, guid: f29ffb46147d6af44bb43c07ad34c0ac,
        type: 3}
      propertyPath: m_LocalPosition.x
      value: -0
      objectReference: {fileID: 0}
    - target: {fileID: -8679921383154817045, guid: f29ffb46147d6af44bb43c07ad34c0ac,
        type: 3}
      propertyPath: m_LocalPosition.y
      value: 0
      objectReference: {fileID: 0}
    - target: {fileID: -8679921383154817045, guid: f29ffb46147d6af44bb43c07ad34c0ac,
        type: 3}
      propertyPath: m_LocalPosition.z
      value: 0
      objectReference: {fileID: 0}
    - target: {fileID: -8679921383154817045, guid: f29ffb46147d6af44bb43c07ad34c0ac,
        type: 3}
      propertyPath: m_LocalRotation.w
      value: 0.7071068
      objectReference: {fileID: 0}
    - target: {fileID: -8679921383154817045, guid: f29ffb46147d6af44bb43c07ad34c0ac,
        type: 3}
      propertyPath: m_LocalRotation.x
      value: -0.00000002669254
      objectReference: {fileID: 0}
    - target: {fileID: -8679921383154817045, guid: f29ffb46147d6af44bb43c07ad34c0ac,
        type: 3}
      propertyPath: m_LocalRotation.y
      value: -0.000000026692538
      objectReference: {fileID: 0}
    - target: {fileID: -8679921383154817045, guid: f29ffb46147d6af44bb43c07ad34c0ac,
        type: 3}
      propertyPath: m_LocalRotation.z
      value: 0.70710677
      objectReference: {fileID: 0}
    - target: {fileID: -8679921383154817045, guid: f29ffb46147d6af44bb43c07ad34c0ac,
        type: 3}
      propertyPath: m_LocalEulerAnglesHint.x
      value: 0
      objectReference: {fileID: 0}
    - target: {fileID: -8679921383154817045, guid: f29ffb46147d6af44bb43c07ad34c0ac,
        type: 3}
      propertyPath: m_LocalEulerAnglesHint.y
      value: 0
      objectReference: {fileID: 0}
    - target: {fileID: -8679921383154817045, guid: f29ffb46147d6af44bb43c07ad34c0ac,
        type: 3}
      propertyPath: m_LocalEulerAnglesHint.z
      value: 0
      objectReference: {fileID: 0}
    - target: {fileID: -7511558181221131132, guid: f29ffb46147d6af44bb43c07ad34c0ac,
        type: 3}
      propertyPath: m_Materials.Array.data[0]
      value: 
      objectReference: {fileID: 2100000, guid: a52a3c65fd8aa3c488fd068da191efe4, type: 2}
    - target: {fileID: 919132149155446097, guid: f29ffb46147d6af44bb43c07ad34c0ac,
        type: 3}
      propertyPath: m_Name
      value: Wall_DoorFrame_Model
      objectReference: {fileID: 0}
    - target: {fileID: 919132149155446097, guid: f29ffb46147d6af44bb43c07ad34c0ac,
        type: 3}
      propertyPath: m_StaticEditorFlags
      value: 0
      objectReference: {fileID: 0}
    m_RemovedComponents: []
    m_RemovedGameObjects: []
    m_AddedGameObjects: []
    m_AddedComponents:
    - targetCorrespondingSourceObject: {fileID: 919132149155446097, guid: f29ffb46147d6af44bb43c07ad34c0ac,
        type: 3}
      insertIndex: -1
      addedObject: {fileID: 7861624402040826315}
  m_SourcePrefab: {fileID: 100100000, guid: f29ffb46147d6af44bb43c07ad34c0ac, type: 3}
--- !u!4 &4762530443994225956 stripped
Transform:
  m_CorrespondingSourceObject: {fileID: -8679921383154817045, guid: f29ffb46147d6af44bb43c07ad34c0ac,
    type: 3}
  m_PrefabInstance: {fileID: 5016254937374341839}
  m_PrefabAsset: {fileID: 0}
--- !u!1 &5286162288799254430 stripped
GameObject:
  m_CorrespondingSourceObject: {fileID: 919132149155446097, guid: f29ffb46147d6af44bb43c07ad34c0ac,
    type: 3}
  m_PrefabInstance: {fileID: 5016254937374341839}
  m_PrefabAsset: {fileID: 0}
--- !u!65 &7861624402040826315
BoxCollider:
  m_ObjectHideFlags: 0
  m_CorrespondingSourceObject: {fileID: 0}
  m_PrefabInstance: {fileID: 0}
  m_PrefabAsset: {fileID: 0}
  m_GameObject: {fileID: 5286162288799254430}
  m_Material: {fileID: 0}
  m_IncludeLayers:
    serializedVersion: 2
    m_Bits: 0
  m_ExcludeLayers:
    serializedVersion: 2
    m_Bits: 0
  m_LayerOverridePriority: 0
  m_IsTrigger: 0
  m_ProvidesContacts: 0
  m_Enabled: 1
  serializedVersion: 3
  m_Size: {x: 0.02, y: 0.02, z: 0.0017444161}
  m_Center: {x: -3.7913587e-25, y: -1.0339758e-24, z: -1.4551915e-10}
